%YAML 1.1
%TAG !u! tag:unity3d.com,2011:
--- !u!1 &1806485811372193651
GameObject:
  m_ObjectHideFlags: 0
  m_CorrespondingSourceObject: {fileID: 0}
  m_PrefabInstance: {fileID: 0}
  m_PrefabAsset: {fileID: 0}
  serializedVersion: 6
  m_Component:
  - component: {fileID: 4180606222086707008}
  - component: {fileID: 1993300729464383642}
  - component: {fileID: 5702780544894875651}
  m_Layer: 5
  m_Name: messageHL
  m_TagString: Untagged
  m_Icon: {fileID: 0}
  m_NavMeshLayer: 0
  m_StaticEditorFlags: 0
  m_IsActive: 1
--- !u!224 &4180606222086707008
RectTransform:
  m_ObjectHideFlags: 0
  m_CorrespondingSourceObject: {fileID: 0}
  m_PrefabInstance: {fileID: 0}
  m_PrefabAsset: {fileID: 0}
  m_GameObject: {fileID: 1806485811372193651}
  m_LocalRotation: {x: 0, y: 0, z: 0, w: 1}
  m_LocalPosition: {x: 0, y: 0, z: 0}
  m_LocalScale: {x: 1, y: 1, z: 1}
  m_Children: []
  m_Father: {fileID: 8457007996410853312}
  m_RootOrder: 0
  m_LocalEulerAnglesHint: {x: 0, y: 0, z: 0}
  m_AnchorMin: {x: 0, y: 1}
  m_AnchorMax: {x: 0, y: 1}
  m_AnchoredPosition: {x: 635, y: -50}
  m_SizeDelta: {x: 1270, y: 100}
  m_Pivot: {x: 0.5, y: 0.5}
--- !u!222 &1993300729464383642
CanvasRenderer:
  m_ObjectHideFlags: 0
  m_CorrespondingSourceObject: {fileID: 0}
  m_PrefabInstance: {fileID: 0}
  m_PrefabAsset: {fileID: 0}
  m_GameObject: {fileID: 1806485811372193651}
  m_CullTransparentMesh: 0
--- !u!114 &5702780544894875651
MonoBehaviour:
  m_ObjectHideFlags: 0
  m_CorrespondingSourceObject: {fileID: 0}
  m_PrefabInstance: {fileID: 0}
  m_PrefabAsset: {fileID: 0}
  m_GameObject: {fileID: 1806485811372193651}
  m_Enabled: 1
  m_EditorHideFlags: 0
  m_Script: {fileID: 11500000, guid: 5f7201a12d95ffc409449d95f23cf332, type: 3}
  m_Name: 
  m_EditorClassIdentifier: 
  m_Material: {fileID: 0}
  m_Color: {r: 0, g: 0.68235296, b: 0.9372549, a: 1}
  m_RaycastTarget: 1
  m_RaycastPadding: {x: 0, y: 0, z: 0, w: 0}
  m_Maskable: 1
  m_OnCullStateChanged:
    m_PersistentCalls:
      m_Calls: []
  m_FontData:
    m_Font: {fileID: 12800000, guid: 4e4b432ade6b08743b9f128627ac3539, type: 3}
    m_FontSize: 45
    m_FontStyle: 0
    m_BestFit: 0
    m_MinSize: 4
    m_MaxSize: 45
    m_Alignment: 0
    m_AlignByGeometry: 0
    m_RichText: 1
    m_HorizontalOverflow: 0
    m_VerticalOverflow: 0
    m_LineSpacing: 1
  m_Text: Any Headlin u like
--- !u!1 &7381148443665803752
GameObject:
  m_ObjectHideFlags: 0
  m_CorrespondingSourceObject: {fileID: 0}
  m_PrefabInstance: {fileID: 0}
  m_PrefabAsset: {fileID: 0}
  serializedVersion: 6
  m_Component:
  - component: {fileID: 3801194638983605729}
  - component: {fileID: 7788470821222596465}
  - component: {fileID: 5941548369925173961}
  m_Layer: 5
  m_Name: messageText
  m_TagString: Untagged
  m_Icon: {fileID: 0}
  m_NavMeshLayer: 0
  m_StaticEditorFlags: 0
  m_IsActive: 1
--- !u!224 &3801194638983605729
RectTransform:
  m_ObjectHideFlags: 0
  m_CorrespondingSourceObject: {fileID: 0}
  m_PrefabInstance: {fileID: 0}
  m_PrefabAsset: {fileID: 0}
  m_GameObject: {fileID: 7381148443665803752}
  m_LocalRotation: {x: -0, y: -0, z: -0, w: 1}
  m_LocalPosition: {x: 0, y: 0, z: 0}
  m_LocalScale: {x: 1, y: 1, z: 1}
  m_Children: []
  m_Father: {fileID: 8457007996410853312}
  m_RootOrder: 1
  m_LocalEulerAnglesHint: {x: 0, y: 0, z: 0}
  m_AnchorMin: {x: 0, y: 0}
  m_AnchorMax: {x: 1, y: 1}
  m_AnchoredPosition: {x: 0, y: -200}
  m_SizeDelta: {x: 0, y: 200}
  m_Pivot: {x: 0.5, y: 0.5}
--- !u!222 &7788470821222596465
CanvasRenderer:
  m_ObjectHideFlags: 0
  m_CorrespondingSourceObject: {fileID: 0}
  m_PrefabInstance: {fileID: 0}
  m_PrefabAsset: {fileID: 0}
  m_GameObject: {fileID: 7381148443665803752}
  m_CullTransparentMesh: 0
--- !u!114 &5941548369925173961
MonoBehaviour:
  m_ObjectHideFlags: 0
  m_CorrespondingSourceObject: {fileID: 0}
  m_PrefabInstance: {fileID: 0}
  m_PrefabAsset: {fileID: 0}
  m_GameObject: {fileID: 7381148443665803752}
  m_Enabled: 1
  m_EditorHideFlags: 0
  m_Script: {fileID: 11500000, guid: 5f7201a12d95ffc409449d95f23cf332, type: 3}
  m_Name: 
  m_EditorClassIdentifier: 
  m_Material: {fileID: 0}
  m_Color: {r: 0, g: 0.68235296, b: 0.9372549, a: 1}
  m_RaycastTarget: 1
  m_RaycastPadding: {x: 0, y: 0, z: 0, w: 0}
  m_Maskable: 1
  m_OnCullStateChanged:
    m_PersistentCalls:
      m_Calls: []
  m_FontData:
    m_Font: {fileID: 12800000, guid: 4e4b432ade6b08743b9f128627ac3539, type: 3}
    m_FontSize: 28
    m_FontStyle: 0
    m_BestFit: 0
    m_MinSize: 2
    m_MaxSize: 40
    m_Alignment: 0
    m_AlignByGeometry: 0
    m_RichText: 1
    m_HorizontalOverflow: 0
    m_VerticalOverflow: 0
    m_LineSpacing: 1
  m_Text: 'Lorem ipsum dolor sit amet, consetetur sadipscing elitr, sed diam nonumy
    eirmod tempor invidunt ut labore et dolore magna aliquyam erat, sed diam voluptua.
    At vero eos et accusam et justo duo dolores et ea rebum. Stet clita kasd gubergren,
    no sea takimata sanctus est Lorem ipsum dolor sit amet. Lorem ipsum dolor sit
    amet, consetetur sadipscing elitr, sed diam nonumy eirmod tempor invidunt ut
    labore et dolore magna aliquyam erat, sed diam voluptua. At vero eos et accusam
    et justo duo dolores et ea rebum. Stet clita kasd gubergren, no sea takimata
    sanctus est Lorem ipsum dolor sit amet.


    Lorem ipsum dolor sit amet, consetetur
    sadipscing elitr, sed diam nonumy eirmod tempor invidunt ut labore et dolore
    magna aliquyam erat, sed diam voluptua. At vero eos et accusam et justo duo dolores
    et ea rebum. Stet clita kasd gubergren, no sea takimata sanctus est Lorem ipsum
    dolor sit amet. Lorem ipsum dolor sit amet, consetetur sadipscing elitr, sed
    diam nonumy eirmod tempor invidunt ut labore et dolore magna aliquyam erat, sed
    diam voluptua. At vero eos et accusam et justo duo dolores et ea rebum. Stet
    clita kasd gubergren, no sea takimata sanctus est Lorem ipsum dolor sit amet.


    Lorem
    ipsum dolor sit amet, consetetur sadipscing elitr, sed diam nonumy eirmod tempor
    invidunt ut labore et dolore magna aliquyam erat, sed diam voluptua. At vero
    eos et accusam et justo duo dolores et ea rebum. Stet clita kasd gubergren, no
    sea takimata sanctus est Lorem ipsum dolor sit amet. Lorem ipsum dolor sit amet,
    consetetur sadipscing elitr, sed diam nonumy eirmod tempor invidunt ut labore
    et dolore magna aliquyam erat, sed diam voluptua. At vero eos et accusam et justo
    duo dolores et ea rebum. Stet clita kasd gubergren, no sea takimata sanctus est
    Lorem ipsum dolor sit amet.'
--- !u!1 &8457007996410853313
GameObject:
  m_ObjectHideFlags: 0
  m_CorrespondingSourceObject: {fileID: 0}
  m_PrefabInstance: {fileID: 0}
  m_PrefabAsset: {fileID: 0}
  serializedVersion: 6
  m_Component:
  - component: {fileID: 8457007996410853312}
  - component: {fileID: 8457007996410853315}
  m_Layer: 5
  m_Name: messageArea
  m_TagString: Untagged
  m_Icon: {fileID: 0}
  m_NavMeshLayer: 0
  m_StaticEditorFlags: 0
  m_IsActive: 1
--- !u!224 &8457007996410853312
RectTransform:
  m_ObjectHideFlags: 0
  m_CorrespondingSourceObject: {fileID: 0}
  m_PrefabInstance: {fileID: 0}
  m_PrefabAsset: {fileID: 0}
  m_GameObject: {fileID: 8457007996410853313}
  m_LocalRotation: {x: 0, y: 0, z: 0, w: 1}
  m_LocalPosition: {x: 0, y: 0, z: 0}
  m_LocalScale: {x: 1, y: 1, z: 1}
  m_Children:
  - {fileID: 4180606222086707008}
  - {fileID: 3801194638983605729}
  m_Father: {fileID: 0}
  m_RootOrder: 0
  m_LocalEulerAnglesHint: {x: 0, y: 0, z: 0}
  m_AnchorMin: {x: 0, y: 1}
  m_AnchorMax: {x: 0, y: 1}
  m_AnchoredPosition: {x: 1235, y: -375}
  m_SizeDelta: {x: 1270, y: 750}
  m_Pivot: {x: 0.5, y: 0.5}
--- !u!114 &8457007996410853315
MonoBehaviour:
  m_ObjectHideFlags: 0
  m_CorrespondingSourceObject: {fileID: 0}
  m_PrefabInstance: {fileID: 0}
  m_PrefabAsset: {fileID: 0}
  m_GameObject: {fileID: 8457007996410853313}
  m_Enabled: 0
  m_EditorHideFlags: 0
  m_Script: {fileID: 11500000, guid: 59f8146938fff824cb5fd77236b75775, type: 3}
  m_Name: 
  m_EditorClassIdentifier: 
  m_Padding:
    m_Left: 0
    m_Right: 0
    m_Top: 0
    m_Bottom: 0
  m_ChildAlignment: 0
  m_Spacing: 0
  m_ChildForceExpandWidth: 1
  m_ChildForceExpandHeight: 1
  m_ChildControlWidth: 1
  m_ChildControlHeight: 0
  m_ChildScaleWidth: 0
  m_ChildScaleHeight: 0
  m_ReverseArrangement: 0
